%% This BibTeX bibliography file was created using BibDesk.
%% http://bibdesk.sourceforge.net/

%% Created for Tommy Thorsen at 2015-11-22 14:39:33 +0100 


%% Saved with string encoding Unicode (UTF-8) 



@webpage{Google:2014,
    Author = {Google},
	Date-Added = {2015-11-22 13:36:36 +0000},
	Date-Modified = {2015-11-22 13:39:33 +0000},
	Lastchecked = {2015-11-22},
    Note = {[Accessed November 22nd, 2015]},
    Title = {Android Security 2014 Year in Review},
	Url = {https://static.googleusercontent.com/media/source.android.com/no/ security/reports/Google\_Android\_Security\_2014\_Report\_Final.pdf},
	Year = {2014}
}

@book{hoog2011android,
	Author = {Hoog, Andrew},
	Date-Modified = {2015-11-10 19:02:48 +0000},
	Keywords = {forensics},
	Publisher = {Elsevier},
	Title = {Android forensics: investigation, analysis and mobile security for Google Android},
	Year = {2011}}

@inproceedings{baggili2015watch,
	Author = {Baggili, Ibrahim and Oduro, Jeff and Anthony, Kyle and Breitinger, Frank and McGee, Glenn},
	Booktitle = {Availability, Reliability and Security (ARES), 2015 10th International Conference on},
	Date-Modified = {2015-11-10 19:03:15 +0000},
	Keywords = {forensics},
	Organization = {IEEE},
	Pages = {303--311},
	Title = {Watch What You Wear: Preliminary Forensic Analysis of Smart Watches},
	Year = {2015}}

@article{rughanianalysis,
	Author = {Rughani, Parag H and IFS, GFSU and Dahiya, MS},
	Date-Modified = {2015-11-10 19:03:30 +0000},
	Journal = {International Journal of Scientific \& Engineering Research},
	Keywords = {forensics},
	Month = {August},
	Number = {8},
	Pages = {920--930},
	Title = {Analysis of Android Smart Watch Artifacts},
	Volume = {6},
	Year = {2015}}

@inproceedings{maus2011forensic,
	Author = {Maus, Stefan and H{\"o}fken, Hans and Schuba, Marko},
	Booktitle = {International Conference on Cybercrime, Security and Digital Forensics},
	Title = {Forensic Analysis of Geodata in Android Smartphones},
	Url = {http://www.schuba.fh-aachen.de/papers/11-cyberforensics.pdf},
	Year = {2011},
	Bdsk-Url-1 = {http://www.schuba.fh-aachen.de/papers/11-cyberforensics.pdf}}

@article{chung2012digital,
	Author = {Chung, Hyunji and Park, Jungheum and Lee, Sangjin and Kang, Cheulhoon},
	Journal = {Digital investigation},
	Number = {2},
	Pages = {81--95},
	Publisher = {Elsevier},
	Title = {Digital forensic investigation of cloud storage services},
	Volume = {9},
	Year = {2012}}

@article{cyr2014security,
	Author = {Cyr, Britt and Horn, Webb and Miao, Daniela and Specter, Michael},
	Journal = {Massachusets Institute of Technology},
	Title = {Security Analysis of Wearable Fitness Devices (Fitbit)},
	Year = {2014}}

@article{vidas2011toward,
	Author = {Vidas, Timothy and Zhang, Chengye and Christin, Nicolas},
	Journal = {digital investigation},
	Pages = {S14--S24},
	Publisher = {Elsevier},
	Title = {Toward a general collection methodology for Android devices},
	Volume = {8},
	Year = {2011}}
