%% This BibTeX bibliography file was created using BibDesk.
%% http://bibdesk.sourceforge.net/

%% Created for Tommy Thorsen at 2015-11-29 13:21:19 +0100 


%% Saved with string encoding Unicode (UTF-8) 



@webpage{Allard:2014a,
	Author = {Allard, Benoît},
    Title = {"Galileo / Megadumpformat", Galileo wikipage on Fitbit megadumps},
	Lastchecked = {2015-11-29},
	Note = {[Accessed November 29th, 2015]},
	Url = {https://bitbucket.org/benallard/galileo/wiki/Megadumpformat},
	Year = {2014}}

@webpage{Allard:2014b,
	Author = {Allard, Benoît},
    Title = {"Re: Dump analysis", Galileo mailing list. In response to e-mail from Samuel Thurston 19.06.2014},
	Note = {[Accessed November 29th, 2015]},
	Lastchecked = {2015-11-29},
	Url = {http://www.freelists.org/post/galileo/Dump-analysis},
	Year = {2014}}

@webpage{Aprville:2015a,
	Author = {Aprville, Axelle},
    Title = {“Fitness tracker – Hack in progress”, slides used at a presentation at the Hack in Paris conference in June 2015},
	Note = {[Accessed November 29th, 2015]},
	Lastchecked = {2015-11-29},
	Url = {https://www.hackinparis.com/talk-2015-fitness-tracker},
	Year = {2015}}

@webpage{Aprville:2015b,
	Author = {Aprville, Axelle},
    Title = {e-mail to author 25 November 2015, after reaching out to the Galileo mailing list},
	Lastchecked = {2015-11-29},
	Year = {2015}}

@webpage{Google:2014,
	Author = {Google},
	Lastchecked = {2015-11-22},
	Note = {[Accessed November 22nd, 2015]},
	Title = {Android Security 2014 Year in Review},
	Url = {https://static.googleusercontent.com/media/source.android.com/no/security/re\-ports/Google\_Android\_Security\_2014\_Report\_Final.pdf},
	Year = {2014}}

@webpage{Fitbit:2015,
	Author = {Fitbit},
	Lastchecked = {2015-11-29},
	Note = {[Accessed November 29th, 2015]},
	Title = {Fitbit Q3-15 report},
	Url = {http://d1lge852tjjqow.cloudfront.net/CIK-0001447599/173f357f-6896-4b5a-aa7f-254c4f145704.pdf?noexit=true},
	Year = {2015}}

@webpage{JeremiahFitbit:2014,
	Author = {JeremiahFitbit},
	Lastchecked = {2015-11-29},
	Note = {[Accessed November 29th, 2015]},
	Title = {“How can I get minute and second level data?” Fitbit customer representative posting on Fitbit Web API forum},
	Url = {https://community.fitbit.com/t5/Web-API/How-can-I-get-minute-and-second-level-data/td-p/324362},
	Year = {2015}}

@webpage{Olson:2014,
	Author = {Olson, Parmy},
	Lastchecked = {2015-11-29},
	Note = {[Accessed November 29th, 2015]},
	Title = {Fitbit Data Now Being Used in the Courtroom},
	Url = {http://www.forbes.com/sites/parmyolson/2014/11/16/fitbit-data-court-room-personal-injury-claim/},
	Year = {2014}}

@webpage{Snyder:2015,
	Author = {Snyder, Myles},
	Lastchecked = {2015-11-29},
	Note = {[Accessed November 29th, 2015]},
	Title = {Police: Woman’s fitness watch disprove rape report},
	Url = {http://abc27.com/2015/06/19/police-womans-fitness-watch-disproved-rape-report},
	Year = {2015}}

@article{lee2014validity,
  title={Validity of consumer-based physical activity monitors},
  author={Lee, Jung-Min and Kim, Youngwon and Welk, Gregory J},
  journal={Medicine and science in sports and exercise},
  year={2014}
}

@article{rahman2013fit,
  title={Fit and vulnerable: Attacks and defenses for a health monitoring device},
  author={Rahman, Mahmudur and Carbunar, Bogdan and Banik, Madhusudan},
  journal={arXiv preprint arXiv:1304.5672},
  year={2013}
}

@book{hoog2011android,
	Author = {Hoog, Andrew},
	Date-Modified = {2015-11-10 19:02:48 +0000},
	Keywords = {forensics},
	Publisher = {Elsevier},
	Title = {Android forensics: investigation, analysis and mobile security for Google Android},
	Year = {2011}}

@inproceedings{baggili2015watch,
	Author = {Baggili, Ibrahim and Oduro, Jeff and Anthony, Kyle and Breitinger, Frank and McGee, Glenn},
	Booktitle = {Availability, Reliability and Security (ARES), 2015 10th International Conference on},
	Date-Modified = {2015-11-10 19:03:15 +0000},
	Keywords = {forensics},
	Organization = {IEEE},
	Pages = {303--311},
	Title = {Watch What You Wear: Preliminary Forensic Analysis of Smart Watches},
	Year = {2015}}

@article{rughanianalysis,
	Author = {Rughani, Parag H and IFS, GFSU and Dahiya, MS},
	Date-Modified = {2015-11-10 19:03:30 +0000},
	Journal = {International Journal of Scientific \& Engineering Research},
	Keywords = {forensics},
	Month = {August},
	Number = {8},
	Pages = {920--930},
	Title = {Analysis of Android Smart Watch Artifacts},
	Volume = {6},
	Year = {2015}}

@inproceedings{maus2011forensic,
	Author = {Maus, Stefan and H{\"o}fken, Hans and Schuba, Marko},
	Booktitle = {International Conference on Cybercrime, Security and Digital Forensics},
	Title = {Forensic Analysis of Geodata in Android Smartphones},
	Url = {http://www.schuba.fh-aachen.de/papers/11-cyberforensics.pdf},
	Year = {2011},
	Bdsk-Url-1 = {http://www.schuba.fh-aachen.de/papers/11-cyberforensics.pdf}}

@article{chung2012digital,
	Author = {Chung, Hyunji and Park, Jungheum and Lee, Sangjin and Kang, Cheulhoon},
	Journal = {Digital investigation},
	Number = {2},
	Pages = {81--95},
	Publisher = {Elsevier},
	Title = {Digital forensic investigation of cloud storage services},
	Volume = {9},
	Year = {2012}}

@article{cyr2014security,
	Author = {Cyr, Britt and Horn, Webb and Miao, Daniela and Specter, Michael},
	Journal = {Massachusets Institute of Technology},
	Title = {Security Analysis of Wearable Fitness Devices (Fitbit)},
	Year = {2014}}

@article{vidas2011toward,
	Author = {Vidas, Timothy and Zhang, Chengye and Christin, Nicolas},
	Journal = {digital investigation},
	Pages = {S14--S24},
	Publisher = {Elsevier},
	Title = {Toward a general collection methodology for Android devices},
	Volume = {8},
	Year = {2011}}

@unpublished{idc2015, 
	Author = {IDC},
	Publisher = {International Data Corporation},
	Title = {Quarterly Wearable Device Tracker, September 2015},
	Year = {2015},
	Note = {[Accessed November 29th, 2015]},
	Url = {https://www.idc.com/getdoc.jsp?containerId=prUS25903815}}

@unpublished{npd2015, 
	Author = {NPD},
	Publisher = {NPD Group},
	Note = {[Accessed November 29th, 2015]},
	Url = {https://www.npd.com/wps/portal/npd/us/news/press-releases/2015/us-smartwatch-ownership-poised-to-catch-up-with-and-potentially-surpass-activity-trackers-according-to-the-npd-group/},
	Title = {Connected Intelligence Wearables Forecast},
	Year = {2015}}
